@article{multiply-shift,
  title={A reliable randomized algorithm for the closest-pair problem},
  author={Dietzfelbinger, Martin and Hagerup, Torben and Katajainen, Jyrki and Penttonen, Martti},
  journal={Journal of Algorithms},
  volume={25},
  number={1},
  pages={19--51},
  year={1997},
  publisher={Elsevier}
}

@article{block,
  title={Cache-, hash-, and space-efficient bloom filters},
  author={Putze, Felix and Sanders, Peter and Singler, Johannes},
  journal={Journal of Experimental Algorithmics (JEA)},
  volume={14},
  pages={4--4},
  year={2010},
  publisher={ACM New York, NY, USA}
}

@inproceedings{cuckoo-filter,
  title={Cuckoo filter: Practically better than bloom},
  author={Fan, Bin and Andersen, Dave G and Kaminsky, Michael and Mitzenmacher, Michael D},
  booktitle={Proceedings of the 10th ACM International on Conference on emerging Networking Experiments and Technologies},
  pages={75--88},
  year={2014}
}

@article{quotient-filter,
  title={Donâ€™t Thrash: How to Cache Your Hash on Flash},
  author={Bender, Michael A and Farach-Colton, Martin and Johnson, Rob and Kraner, Russell and Kuszmaul, Bradley C and Medjedovic, Dzejla and Montes, Pablo and Shetty, Pradeep and Spillane, Richard P and Zadok, Erez},
  journal={Proceedings of the VLDB Endowment},
  volume={5},
  number={11},
  year={2012}
}

@article{split-bloom,
  title={Network applications of bloom filters: A survey},
  author={Broder, Andrei and Mitzenmacher, Michael},
  journal={Internet mathematics},
  volume={1},
  number={4},
  pages={485--509},
  year={2004},
  publisher={Taylor \& Francis}
}