@INPROCEEDINGS{psw,
  author={Pagh, Rasmus and Segev, Gil and Wieder, Udi},
  booktitle={2013 {IEEE} 54th Annual Symposium on Foundations of Computer Science},
  title={How to Approximate a Set without Knowing Its Size in Advance},
  year={2013},
  volume={},
  number={},
  pages={80-89},
  doi={10.1109/FOCS.2013.17}
}

@InProceedings{succinct,
author="Raman, Rajeev
and Rao, Satti Srinivasa",
omit_editor="Baeten, Jos C. M.
and Lenstra, Jan Karel
and Parrow, Joachim
and Woeginger, Gerhard J.",
title="Succinct Dynamic Dictionaries and Trees",
booktitle="Automata, Languages and Programming",
year="2003",
omit_publisher="Springer Berlin Heidelberg",
omit_address="Berlin, Heidelberg",
pages="357--368",
isbn="978-3-540-45061-0"
}

@article{dysect,
  title={Dynamic space efficient hashing},
  author={Maier, Tobias and Sanders, Peter and Walzer, Stefan},
  journal={Algorithmica},
  volume={81},
  number={8},
  pages={3162--3185},
  year={2019},
  omit_publisher={Springer}
}

@INPROCEEDINGS {backyard,
  author = {G. Segev and Y. Arbitman and M. Naor},
  booktitle = {2013 {IEEE} 54th Annual Symposium on Foundations of Computer Science},
  title = {Backyard Cuckoo Hashing: Constant Worst-Case Operations with a Succinct Representation},
  year = {2010},
  volume = {},
  issn = {0272-5428},
  pages = {787-796},
  keywords = {},
  doi = {10.1109/FOCS.2010.80},
  url = {https://doi.ieeecomputersociety.org/10.1109/FOCS.2010.80},
  omit_publisher = {{IEEE} Computer Society},
  omit_address = {Los Alamitos, {CA, USA}},
  omit_month = {October}
}

@INPROCEEDINGS{logarithm,
  author={Zhang, Fan and Chen, Hanhua and Jin, Hai and Reviriego, Pedro},
  booktitle={2021 {IEEE} 37th International Conference on Data Engineering ({ICDE})},
  title={The Logarithmic Dynamic Cuckoo Filter},
  year={2021},
  volume={},
  number={},
  pages={948-959},
  doi={10.1109/ICDE51399.2021.00087}
}

@inproceedings{change-your-base,
author = {Dodis, Yevgeniy and Patrascu, Mihai and Thorup, Mikkel},
title = {Changing Base without Losing Space},
year = {2010},
isbn = {9781450300506},
omit_publisher = {Association for Computing Machinery},
omit_address = {New York, {NY, USA}},
url = {https://doi.org/10.1145/1806689.1806771},
doi = {10.1145/1806689.1806771},
booktitle = {Proceedings of the Forty-Second {ACM} Symposium on Theory of Computing},
pages = {593--602},
numpages = {10},
keywords = {prefix-free encoding, succinct data structures, streaming algorithms, domain extension of hash functions, arithmetic coding},
location = {Cambridge, Massachusetts, {USA}},
series = {STOC '10}
}

@ARTICLE{cleary-quotient,
  author={Cleary, John G.},
  journal={{IEEE} Transactions on Computers},
  title={Compact Hash Tables Using Bidirectional Linear Probing},
  year={1984},
  volume={C-33},
  number={9},
  pages={828-834},
  doi={10.1109/TC.1984.1676499}
}

@article{quotient-filter,
author = {Bender, Michael A. and Farach-Colton, Martin and Johnson, Rob and Kraner, Russell and Kuszmaul, Bradley C. and Medjedovic, Dzejla and Montes, Pablo and Shetty, Pradeep and Spillane, Richard P. and Zadok, Erez},
title = {Don't Thrash: How to Cache Your Hash on Flash},
year = {2012},
issue_date = {July 2012},
omit_publisher = {{VLDB} Endowment},
volume = {5},
number = {11},
issn = {2150-8097},
url = {https://doi.org/10.14778/2350229.2350275},
doi = {10.14778/2350229.2350275},
journal = {Proc. {VLDB} Endow.},
month = jul,
pages = {1627--1637},
numpages = {11}
}

@article{morton-journal,
  title={Morton filters: fast, compressed sparse cuckoo filters},
  author={Breslow, Alex D. and Jayasena, Nuwan S.},
  journal={The {VLDB} Journal},
  volume={29},
  number={2},
  pages={731--754},
  year={2020},
  omit_publisher={Springer}
}

@inproceedings{consistent-cuckoo,
  title={The consistent cuckoo filter},
  author={Luo, Lailong and Guo, Deke and Rottenstreich, Ori and Ma, Richard {TB} and Luo, Xueshan and Ren, Bangbang},
  booktitle={{IEEE INFOCOM 2019-IEEE} Conference on Computer Communications},
  pages={712--720},
  year={2019},
  omit_organization={{IEEE}}
}

@article{vacuum,
author = {Wang, Minmei and Zhou, Mingxun and Shi, Shouqian and Qian, Chen},
title = {Vacuum Filters: More Space-Efficient and Faster Replacement for Bloom and Cuckoo Filters},
year = {2019},
issue_date = {October 2019},
omit_publisher = {{VLDB} Endowment},
volume = {13},
number = {2},
issn = {2150-8097},
url = {https://doi.org/10.14778/3364324.3364333},
doi = {10.14778/3364324.3364333},
journal = {Proc. {VLDB} Endow.},
month = oct,
pages = {197--210},
numpages = {14}
}

@inproceedings{rsqf,
author = {Pandey, Prashant and Bender, Michael A. and Johnson, Rob and Patro, Rob},
title = {A General-Purpose Counting Filter: Making Every Bit Count},
year = {2017},
isbn = {9781450341974},
omit_publisher = {Association for Computing Machinery},
omit_address = {New York, {NY, USA}},
url = {https://doi.org/10.1145/3035918.3035963},
doi = {10.1145/3035918.3035963},
booktitle = {Proceedings of the 2017 {ACM} International Conference on Management of Data},
pages = {775--787},
numpages = {13},
keywords = {bloom filters and hashing, sketching and sampling, computational biology, network monitoring},
location = {Chicago, Illinois, {USA}},
series = {{SIGMOD} '17}
}

@InProceedings{block-bloom,
author="Putze, Felix
and Sanders, Peter
and Singler, Johannes",
editor="Demetrescu, Camil",
title="Cache-, Hash- and Space-Efficient Bloom Filters",
booktitle="Experimental Algorithms",
year="2007",
omit_publisher="Springer Berlin Heidelberg",
omit_address="Berlin, Heidelberg",
pages="108--121",
isbn="978-3-540-72845-0"
}

@article{stash,
author = {Kirsch, Adam and Mitzenmacher, Michael and Wieder, Udi},
title = {More Robust Hashing: Cuckoo Hashing with a Stash},
year = {2009},
issue_date = {September 2009},
omit_publisher = {Society for Industrial and Applied Mathematics},
omit_address = {USA},
volume = {39},
number = {4},
issn = {0097-5397},
journal = {SIAM J. Comput.},
month = dec,
pages = {1543--1561},
numpages = {19},
keywords = {cuckoo hashing, probabilistic analysis, hash table}
}

@inproceedings{cuckoo,
  title={Cuckoo filter: Practically better than bloom},
  author={Fan, Bin and Andersen, Dave G and Kaminsky, Michael and Mitzenmacher, Michael D},
  booktitle={Proceedings of the 10th ACM International on Conference on emerging Networking Experiments and Technologies},
  pages={75--88},
  year={2014}
}

@inproceedings{vector-quotient,
author = {Pandey, Prashant and Conway, Alex and Durie, Joe and Bender, Michael A. and Farach-Colton, Martin and Johnson, Rob},
title = {Vector Quotient Filters: Overcoming the Time/Space Trade-Off in Filter Design},
year = {2021},
isbn = {9781450383431},
url = {https://doi.org/10.1145/3448016.3452841},
doi = {10.1145/3448016.3452841},
booktitle = {Proceedings of the 2021 International Conference on Management of Data},
pages = {1386--1399},
numpages = {14},
keywords = {filters, dictionary data structure, membership query},
location = {Virtual Event, China},
series = {SIGMOD/PODS '21}
}


@article{ribbon,
  author    = {Peter C. Dillinger and
               Stefan Walzer},
  title     = {Ribbon filter: practically smaller than Bloom and Xor},
  journal   = {CoRR},
  volume    = {abs/2103.02515},
  year      = {2021},
  url       = {https://arxiv.org/abs/2103.02515},
  archivePrefix = {arXiv},
  eprint    = {2103.02515},
  timestamp = {Thu, 04 Mar 2021 17:00:40 +0100},
  biburl    = {https://dblp.org/rec/journals/corr/abs-2103-02515.bib},
  bibsource = {dblp computer science bibliography, https://dblp.org}
}
@article{ultra-fast,
  title={Ultra-fast {Bloom} filters using {SIMD} techniques},
  author={Lu, Jianyuan and Wan, Ying and Li, Yang and Zhang, Chuwen and Dai, Huichen and Wang, Yi and Zhang, Gong and Liu, Bin},
  journal={{IEEE} Transactions on Parallel and Distributed Systems},
  volume={30},
  number={4},
  pages={953--964},
  year={2018},
  publisher={{IEEE}}
}

@article{split-bloom,
  title={Network applications of {Bloom} filters: A survey},
  author={Broder, Andrei and Mitzenmacher, Michael},
  journal={Internet mathematics},
  volume={1},
  number={4},
  pages={485--509},
  year={2004},
  publisher={Taylor \& Francis}
}

@article{multiply-shift,
  title={A reliable randomized algorithm for the closest-pair problem},
  author={Dietzfelbinger, Martin and Hagerup, Torben and Katajainen, Jyrki and Penttonen, Martti},
  journal={Journal of Algorithms},
  volume={25},
  number={1},
  pages={19--51},
  year={1997},
  publisher={Elsevier}
}

@inbook{knuth,
  in_booktitle={The art of computer programming: Sorting and searching},
  title={The art of computer programming: Sorting and searching},
  author={Knuth, Donald E},
  volume={3},
  x_publisher = {Addison-Wesley Publishing Company},
  year={1973},
  chapter={6.4, Exercise 13}
}

@online{cuckoo-filter-github,
title={Cuckoo Filter},
author={Bin Fan and Jim Apple and Florian Jacob and Daniel Baker and Dave Andersen and Jos{\'{e}} Luis Pereira and Antonio Mallia and Arni Birgisson},
year = 2017,
url = {https://github.com/efficient/cuckoofilter},
urldate = {2021-08-01}
}

@InProceedings{unknown-prefix,
  author =	{Mingmou Liu and Yitong Yin and Huacheng Yu},
  title =	{{Succinct Filters for Sets of Unknown Sizes}},
  booktitle =	{47th International Colloquium on Automata, Languages, and Programming ({ICALP} 2020)},
  pages =	{79:1--79:19},
  series =	{Leibniz International Proceedings in Informatics ({LIPIcs})},
  ISBN =	{978-3-95977-138-2},
  ISSN =	{1868-8969},
  year =	{2020},
  volume =	{168},
  editor =	{Artur Czumaj and Anuj Dawar and Emanuela Merelli},
  publisher =	{Schloss Dagstuhl--Leibniz-Zentrum f{\"u}r Informatik},
  address =	{Dagstuhl, Germany},
  URL =		{https://drops.dagstuhl.de/opus/volltexte/2020/12486},
  URN =		{urn:nbn:de:0030-drops-124867},
  doi =		{10.4230/LIPIcs.ICALP.2020.79},
  annote =	{Keywords: Bloom filters, Data structures, Approximate set membership, Dictionaries}
}

@InProceedings{raman-practical,
  author =	{Dominik K{\"o}ppl and Simon J. Puglisi and Rajeev Raman},
  title =	{{Fast and Simple Compact Hashing via Bucketing}},
  booktitle =	{18th International Symposium on Experimental Algorithms (SEA 2020)},
  pages =	{7:1--7:14},
  series =	{Leibniz International Proceedings in Informatics (LIPIcs)},
  ISBN =	{978-3-95977-148-1},
  ISSN =	{1868-8969},
  year =	{2020},
  volume =	{160},
  editor =	{Simone Faro and Domenico Cantone},
  publisher =	{Schloss Dagstuhl--Leibniz-Zentrum f{\"u}r Informatik},
  address =	{Dagstuhl, Germany},
  URL =		{https://drops.dagstuhl.de/opus/volltexte/2020/12081},
  URN =		{urn:nbn:de:0030-drops-120817},
  doi =		{10.4230/LIPIcs.SEA.2020.7},
  annote =	{Keywords: compact hashing, hash table, separate chaining}
}

@INPROCEEDINGS{broom,
  author={Bender, Michael A. and Farach-Colton, Martin and Goswami, Mayank and Johnson, Rob and McCauley, Samuel and Singh, Shikha},
  booktitle={2018 {IEEE} 59th Annual Symposium on Foundations of Computer Science ({FOCS})},
  title={Bloom Filters, Adaptivity, and the Dictionary Problem},
  year={2018},
  volume={},
  number={},
  pages={182-193},
  doi={10.1109/FOCS.2018.00026}
}

@article{xor-filter,
author = {Graf, Thomas Mueller and Lemire, Daniel},
title = {Xor Filters: Faster and Smaller Than Bloom and Cuckoo Filters},
year = {2020},
issue_date = {2020},
publisher = {Association for Computing Machinery},
address = {New York, NY, USA},
volume = {25},
issn = {1084-6654},
url = {https://doi.org/10.1145/3376122},
doi = {10.1145/3376122},
journal = {ACM J. Exp. Algorithmics},
omit_month = mar,
omit_articleno = {1.5},
omit_numpages = {16},
keywords = {approximate set membership, cuckoo filters, Bloom filters}
}

@ARTICLE{malware,
  author={Cha, Sang Kil and Moraru, Iulian and Jang, Jiyong and Truelove, John and Brumley, David and Andersen, David G.},  
journal={Journal of Communications and Networks},   
title={SplitScreen: Enabling efficient, distributed malware detection},   
year={2011},  
volume={13},  
number={2},  
pages={187-200},  
doi={10.1109/JCN.2011.6157418}}

@InProceedings{profile-similarity,
author="Alaggan, Mohammad
and Gambs, S{\'e}bastien
and Kermarrec, Anne-Marie",
editor="Richa, Andr{\'e}a W.
and Scheideler, Christian",
title="BLIP: Non-interactive Differentially-Private Similarity Computation on Bloom filters",
booktitle="Stabilization, Safety, and Security of Distributed Systems",
year="2012",
publisher="Springer Berlin Heidelberg",
address="Berlin, Heidelberg",
pages="202--216",
isbn="978-3-642-33536-5"
}

@INPROCEEDINGS{invertible,  
author={Goodrich, Michael T. and Mitzenmacher, Michael},  
booktitle={2011 49th Annual Allerton Conference on Communication, Control, and Computing (Allerton)},   
title={Invertible bloom lookup tables},   
year={2011},  
volume={},  
number={},  
pages={792-799},  
doi={10.1109/Allerton.2011.6120248}}

@ARTICLE{dynamic-bloom,
  author={Guo, Deke and Wu, Jie and Chen, Honghui and Yuan, Ye and Luo, Xueshan},
  journal={IEEE Transactions on Knowledge and Data Engineering}, 
  title={The Dynamic Bloom Filters}, 
  year={2010},
  volume={22},
  number={1},
  pages={120-133},
  doi={10.1109/TKDE.2009.57}}


@article{scalable-bloom,
title = {Scalable Bloom Filters},
journal = {Information Processing Letters},
volume = {101},
number = {6},
pages = {255-261},
year = {2007},
issn = {0020-0190},
doi = {https://doi.org/10.1016/j.ipl.2006.10.007},
url = {https://www.sciencedirect.com/science/article/pii/S0020019006003127},
author = {Paulo S\'{e}rgio Almeida and Carlos Baquero and Nuno Pregui\c{c}a and David Hutchison},
keywords = {Data structures, Bloom filters, Distributed systems, Randomized algorithms},
}

@article{cuckoo-journal,
title = {Cuckoo hashing},
journal = {Journal of Algorithms},
volume = {51},
number = {2},
pages = {122-144},
year = {2004},
issn = {0196-6774},
doi = {https://doi.org/10.1016/j.jalgor.2003.12.002},
url = {https://www.sciencedirect.com/science/article/pii/S0196677403001925},
author = {Rasmus Pagh and Flemming Friche Rodler},
keywords = {Data structures, Dictionaries, Information retrieval, Searching, Hashing, Experiments},
}

@inproceedings{horizontal,
author = {Polychroniou, Orestis and Ross, Kenneth A.},
title = {Towards Practical Vectorized Analytical Query Engines},
year = {2019},
isbn = {9781450368018},
publisher = {Association for Computing Machinery},
address = {New York, {NY}, {USA}},
url = {https://doi.org/10.1145/3329785.3329928},
doi = {10.1145/3329785.3329928},
booktitle = {Proceedings of the 15th International Workshop on Data Management on New Hardware},
articleno = {10},
numpages = {7},
location = {Amsterdam, Netherlands},
series = {{DaMoN}'19}
}

@article{buckets,
title = {Balanced allocation and dictionaries with tightly packed constant size bins},
journal = {Theoretical Computer Science},
volume = {380},
number = {1},
pages = {47-68},
year = {2007},
note = {Automata, Languages and Programming},
issn = {0304-3975},
doi = {https://doi.org/10.1016/j.tcs.2007.02.054},
url = {https://www.sciencedirect.com/science/article/pii/S0304397507001570},
author = {Martin Dietzfelbinger and Christoph Weidling},
keywords = {Randomized algorithms, Data structures, Dictionaries, Hashing, Random graphs, Balanced allocation, Storage space},
}

@article{overtakes,
author = {Lang, Harald and Neumann, Thomas and Kemper, Alfons and Boncz, Peter},
title = {Performance-Optimal Filtering: {Bloom} Overtakes Cuckoo at High Throughput},
year = {2019},
issue_date = {January 2019},
publisher = {VLDB Endowment},
volume = {12},
number = {5},
issn = {2150-8097},
url = {https://doi.org/10.14778/3303753.3303757},
doi = {10.14778/3303753.3303757},
journal = {Proc. VLDB Endow.},
month = jan,
pages = {502--515},
numpages = {14}
}

@article{bloom-original,
author = {Bloom, Burton H.},
title = {Space/Time Trade-Offs in Hash Coding with Allowable Errors},
year = {1970},
issue_date = {July 1970},
publisher = {Association for Computing Machinery},
address = {New York, NY, USA},
volume = {13},
number = {7},
issn = {0001-0782},
url = {https://doi.org/10.1145/362686.362692},
doi = {10.1145/362686.362692},
journal = {Commun. ACM},
month = jul,
pages = {422--426},
numpages = {5},
keywords = {hash addressing, storage layout, scatter storage, storage efficiency, retrieval trade-offs, hash coding, searching, retrieval efficiency}
}

@misc{impala-bloom,
author= {The Apache Software Foundation},
title = {Impala 2.7.0},
year = {2016},
url = {https://github.com/apache/impala/tree/2.7.0}
}

@INPROCEEDINGS{impala,
    author = {Marcel Kornacker and Alexander Behm and Victor Bittorf and Taras Bobrovytsky and Alan Choi and Justin Erickson and Martin Grund and Daniel Hecht and Matthew Jacobs and Ishaan Joshi and Lenni Kuff and Dileep Kumar and Alex Leblang and Nong Li and Henry Robinson and David Rorke and Silvius Rus and John Russell and Dimitris Tsirogiannis and Skye {Wanderman-Milne} and Michael Yoder},
    title = {Impala: A modern, open-source {SQL} engine for {Hadoop}},
    booktitle = {In Proc. CIDR'15},
    year = {2015}
}

@article{load-thresholds,
title={Load thresholds for cuckoo hashing with overlapping blocks},
author={Walzer, Stefan},
 place={{Saarbr\"ucken/Wadern, Germany}},
series={Leibniz International Proceedings in Informatics: {LIPIcs}},
volume={107},
url={https://www.db-thueringen.de/receive/dbt_mods_00041045},
DOI={10.4230/LIPIcs.ICALP.2018.102},
journal={45th International Colloquium on Automata, Languages, and Programming: {ICALP} 2018, {Prague}, {Czech Republic}, July 9-13, 2018},
publisher={Schloss Dagstuhl - Leibniz-Zentrum f\"ur Informatik GmbH, Dagstuhl Publishing},
year={2018},
month={Jul},
pages={art. 102},
collection={Leibniz International Proceedings in Informatics: {LIPIcs}}
}

@article{lsm,
  title={LSM-based storage techniques: a survey},
  author={Luo, Chen and Carey, Michael J},
  journal={The {VLDB} Journal},
  volume={29},
  number={1},
  pages={393--418},
  year={2020},
  publisher={Springer}
}

@inproceedings{monkey,
author = {Dayan, Niv and Athanassoulis, Manos and Idreos, Stratos},
title = {Monkey: Optimal Navigable Key-Value Store},
year = {2017},
isbn = {9781450341974},
publisher = {Association for Computing Machinery},
address = {{New} {York}, {NY}, {USA}},
url = {https://doi.org/10.1145/3035918.3064054},
doi = {10.1145/3035918.3064054},
booktitle = {Proceedings of the 2017 {ACM} International Conference on Management of Data},
pages = {79--94},
numpages = {16},
keywords = {auto-tuning, adaptivity, read/write/memory trade-off, point queries, bloom filters, key-value store, log-structured merge-tree, point lookups, lsm-tree, memory hierarchy},
location = {{Chicago, Illinois, USA}},
series = {{SIGMOD} '17}
}

@InProceedings{tpch-filter,
author="Boncz, Peter
and Neumann, Thomas
and Erling, Orri",
editor="Nambiar, Raghunath
and Poess, Meikel",
title="{TPC-H} Analyzed: Hidden Messages and Lessons Learned from an Influential Benchmark",
booktitle="Performance Characterization and Benchmarking",
year="2014",
publisher="Springer International Publishing",
address="Cham",
pages="61--76",
isbn="978-3-319-04936-6"
}

@ARTICLE{distributed-filter,
author={Tarkoma, Sasu and Rothenberg, Christian Esteve and Lagerspetz, Eemil},
journal={{IEEE} Communications Surveys   Tutorials},
title={Theory and Practice of {Bloom} Filters for Distributed Systems},
year={2012},
volume={14},
number={1},
pages={131--155},
doi={10.1109/SURV.2011.031611.00024}}

@article{dna-filter,
  title={Classification of DNA sequences using Bloom filters},
  author={Stranneheim, Henrik and K{\"a}ller, Max and Allander, Tobias and Andersson, Bj{\"o}rn and Arvestad, Lars and Lundeberg, Joakim},
  journal={Bioinformatics},
  volume={26},
  number={13},
  pages={1595--1600},
  year={2010},
  publisher={Oxford University Press}
}

@InProceedings{distributed-join-filter,
author="Ramesh, Sukriti
and Papapetrou, Odysseas
and Siberski, Wolf",
editor="Parashar, Manish
and Aggarwal, Sanjeev K.",
title="Optimizing Distributed Joins with Bloom Filters",
booktitle="Distributed Computing and Internet Technology",
year="2009",
publisher="Springer Berlin Heidelberg",
address="Berlin, Heidelberg",
pages="145--156",
isbn="978-3-540-89737-8"
}

@inproceedings{approxjoin,
author = {Quoc, Do Le and Akkus, Istemi Ekin and Bhatotia, Pramod and Blanas, Spyros and Chen, Ruichuan and Fetzer, Christof and Strufe, Thorsten},
title = {{ApproxJoin}: Approximate Distributed Joins},
year = {2018},
isbn = {9781450360111},
publisher = {Association for Computing Machinery},
address = {{New York, NY, USA}},
url = {https://doi.org/10.1145/3267809.3267834},
doi = {10.1145/3267809.3267834},
booktitle = {Proceedings of the {ACM} Symposium on Cloud Computing},
pages = {426--438},
numpages = {13},
keywords = {stratified sampling, Approximate join processing, approximate computing and distributed systems, multi-way joins},
location = {{Carlsbad, CA, USA}},
series = {{SoCC '18}}
}

@inproceedings{bitfunnel,
author = {Goodwin, Bob and Hopcroft, Michael and Luu, Dan and Clemmer, Alex and Curmei, Mihaela and Elnikety, Sameh and He, Yuxiong},
title = {{BitFunnel}: Revisiting Signatures for Search},
year = {2017},
isbn = {9781450350228},
publisher = {Association for Computing Machinery},
address = {{New York, NY, USA}},
url = {https://doi.org/10.1145/3077136.3080789},
doi = {10.1145/3077136.3080789},
booktitle = {Proceedings of the 40th International {ACM SIGIR} Conference on Research and Development in Information Retrieval},
pages = {605--614},
numpages = {10},
keywords = {query processing, bit-sliced signatures, bloom filters, inverted indexes, signature files, bitvector, search engines, intersection},
location = {Shinjuku, Tokyo, Japan},
series = {{SIGIR '17}}
}

@inproceedings{bitcoin-filter,
author = {Gervais, Arthur and Capkun, Srdjan and Karame, Ghassan O. and Gruber, Damian},
title = {On the Privacy Provisions of Bloom Filters in Lightweight Bitcoin Clients},
year = {2014},
isbn = {9781450330053},
publisher = {Association for Computing Machinery},
address = {{New York, NY, USA}},
url = {https://doi.org/10.1145/2664243.2664267},
doi = {10.1145/2664243.2664267},
booktitle = {Proceedings of the 30th Annual Computer Security Applications Conference},
pages = {326--335},
numpages = {10},
location = {{New Orleans, Louisiana, USA}},
series = {{ACSAC '14}}
}

@article{flooding-filter,
author = {Geneiatakis, Dimitris and Vrakas, Nikos and Lambrinoudakis, Costas},
title = {Utilizing {Bloom} Filters for Detecting Flooding Attacks against {SIP} Based Services},
year = {2009},
issue_date = {October, 2009},
publisher = {Elsevier Advanced Technology Publications},
address = {GBR},
volume = {28},
number = {7},
issn = {0167-4048},
url = {https://doi.org/10.1016/j.cose.2009.04.007},
doi = {10.1016/j.cose.2009.04.007},
journal = {Comput. Secur.},
month = oct,
pages = {578--591},
numpages = {14},
keywords = {Voice over IP (VoIP), Flooding attacks, Denial of Service, Session Initiation Protocol (SIP), Security, Bloom filter}
}

@ARTICLE{summary-cache,
author={Li Fan and Pei Cao and Almeida, J. and Broder, A.Z.},
  journal={{IEEE/ACM} Transactions on Networking},
   title={Summary cache: a scalable wide-area Web cache sharing protocol},
   year={2000},
  volume={8},
  number={3},
  pages={281-293},
  doi={10.1109/90.851975}}

@inproceedings{prefix-matching-filter,
author = {Dharmapurikar, Sarang and Krishnamurthy, Praveen and Taylor, David E.},
title = {Longest Prefix Matching Using Bloom Filters},
year = {2003},
isbn = {1581137354},
publisher = {Association for Computing Machinery},
address = {{New York, NY, USA}},
url = {https://doi.org/10.1145/863955.863979},
doi = {10.1145/863955.863979},
booktitle = {Proceedings of the 2003 Conference on Applications, Technologies, Architectures, and Protocols for Computer Communications},
pages = {201--212},
numpages = {12},
keywords = {forwarding, IP lookup, longest prefix matching},
location = {Karlsruhe, Germany},
series = {{SIGCOMM '03}}
}

@article{gene-search-filter,
  title={Ultrafast search of all deposited bacterial and viral genomic data},
  author={Bradley, Phelim and Den Bakker, Henk C and Rocha, Eduardo {PC} and McVean, Gil and Iqbal, Zamin},
  journal={Nature biotechnology},
  volume={37},
  number={2},
  pages={152--159},
  year={2019},
  publisher={Nature Publishing Group}
}

@article{sequencing-filter,
  title={Space-efficient and exact de Bruijn graph representation based on a Bloom filter},
  author={Chikhi, Rayan and Rizk, Guillaume},
  journal={Algorithms for Molecular Biology},
  volume={8},
  number={1},
  pages={1--9},
  year={2013},
  publisher={Springer}
}

@inproceedings{model-training-filter,
  title={Weightless: Lossy weight encoding for deep neural network compression},
  author={Reagan, Brandon and Gupta, Udit and Adolf, Bob and Mitzenmacher, Michael and Rush, Alexander and Wei, Gu-Yeon and Brooks, David},
  booktitle={International Conference on Machine Learning},
  pages={4324--4333},
  year={2018},
  organization={{PMLR}}
}

@inproceedings {deduplication-filter,
author = {Benjamin Zhu and Kai Li and Hugo Patterson},
title = {Avoiding the Disk Bottleneck in the Data Domain Deduplication File System},
booktitle = {6th {USENIX} Conference on File and Storage Technologies ({FAST} 08)},
year = {2008},
address = {San Jose, CA},
url = {https://www.usenix.org/conference/fast-08/avoiding-disk-bottleneck-data-domain-deduplication-file-system},
publisher = {{USENIX} Association},
month = feb,
}

@inproceedings{lower-bound,
author = {Carter, Larry and Floyd, Robert and Gill, John and Markowsky, George and Wegman, Mark},
title = {Exact and Approximate Membership Testers},
year = {1978},
isbn = {9781450374378},
publisher = {Association for Computing Machinery},
address = {{New York, NY, USA}},
url = {https://doi.org/10.1145/800133.804332},
doi = {10.1145/800133.804332},
booktitle = {Proceedings of the Tenth Annual {ACM} Symposium on Theory of Computing},
pages = {59--65},
numpages = {7},
location = {{San Diego, California, USA}},
series = {{STOC} '78}
}