@INPROCEEDINGS{psw,
  author={Pagh, Rasmus and Segev, Gil and Wieder, Udi},
  booktitle={2013 {IEEE} 54th Annual Symposium on Foundations of Computer Science},
  title={How to Approximate a Set without Knowing Its Size in Advance},
  year={2013},
  volume={},
  number={},
  pages={80-89},
  doi={10.1109/FOCS.2013.17}
}

@InProceedings{succinct,
author="Raman, Rajeev
and Rao, Satti Srinivasa",
editor="Baeten, Jos C. M.
and Lenstra, Jan Karel
and Parrow, Joachim
and Woeginger, Gerhard J.",
title="Succinct Dynamic Dictionaries and Trees",
booktitle="Automata, Languages and Programming",
year="2003",
publisher="Springer Berlin Heidelberg",
address="Berlin, Heidelberg",
pages="357--368",
isbn="978-3-540-45061-0"
}

@article{dysect,
  title={Dynamic space efficient hashing},
  author={Maier, Tobias and Sanders, Peter and Walzer, Stefan},
  journal={Algorithmica},
  volume={81},
  number={8},
  pages={3162--3185},
  year={2019},
  publisher={Springer}
}

@INPROCEEDINGS {backyard,
  author = {G. Segev and Y. Arbitman and M. Naor},
  booktitle = {2013 {IEEE} 54th Annual Symposium on Foundations of Computer Science},
  title = {Backyard Cuckoo Hashing: Constant Worst-Case Operations with a Succinct Representation},
  year = {2010},
  volume = {},
  issn = {0272-5428},
  pages = {787-796},
  keywords = {},
  doi = {10.1109/FOCS.2010.80},
  url = {https://doi.ieeecomputersociety.org/10.1109/FOCS.2010.80},
  publisher = {{IEEE} Computer Society},
  address = {Los Alamitos, {CA, USA}},
  month = {oct}
}

@INPROCEEDINGS{logarithm,
  author={Zhang, Fan and Chen, Hanhua and Jin, Hai and Reviriego, Pedro},
  booktitle={2021 {IEEE} 37th International Conference on Data Engineering ({ICDE})},
  title={The Logarithmic Dynamic Cuckoo Filter},
  year={2021},
  volume={},
  number={},
  pages={948-959},
  doi={10.1109/ICDE51399.2021.00087}
}

@inproceedings{change-your-base,
author = {Dodis, Yevgeniy and Patrascu, Mihai and Thorup, Mikkel},
title = {Changing Base without Losing Space},
year = {2010},
isbn = {9781450300506},
publisher = {Association for Computing Machinery},
address = {New York, {NY, USA}},
url = {https://doi.org/10.1145/1806689.1806771},
doi = {10.1145/1806689.1806771},
booktitle = {Proceedings of the Forty-Second {ACM} Symposium on Theory of Computing},
pages = {593–602},
numpages = {10},
keywords = {prefix-free encoding, succinct data structures, streaming algorithms, domain extension of hash functions, arithmetic coding},
location = {Cambridge, Massachusetts, {USA}},
series = {STOC '10}
}

@ARTICLE{cleary-quotient,
  author={Cleary, John G.},
  journal={{IEEE} Transactions on Computers},
  title={Compact Hash Tables Using Bidirectional Linear Probing},
  year={1984},
  volume={C-33},
  number={9},
  pages={828-834},
  doi={10.1109/TC.1984.1676499}
}

@article{quotient-filter,
author = {Bender, Michael A. and Farach-Colton, Martin and Johnson, Rob and Kraner, Russell and Kuszmaul, Bradley C. and Medjedovic, Dzejla and Montes, Pablo and Shetty, Pradeep and Spillane, Richard P. and Zadok, Erez},
title = {Don't Thrash: How to Cache Your Hash on Flash},
year = {2012},
issue_date = {July 2012},
publisher = {{VLDB} Endowment},
volume = {5},
number = {11},
issn = {2150-8097},
url = {https://doi.org/10.14778/2350229.2350275},
doi = {10.14778/2350229.2350275},
journal = {Proc. {VLDB} Endow.},
month = jul,
pages = {1627–1637},
numpages = {11}
}

@article{morton-journal,
  title={Morton filters: fast, compressed sparse cuckoo filters},
  author={Breslow, Alex D and Jayasena, Nuwan S},
  journal={The {VLDB} Journal},
  volume={29},
  number={2},
  pages={731--754},
  year={2020},
  publisher={Springer}
}

@inproceedings{consistent-cuckoo,
  title={The consistent cuckoo filter},
  author={Luo, Lailong and Guo, Deke and Rottenstreich, Ori and Ma, Richard {TB} and Luo, Xueshan and Ren, Bangbang},
  booktitle={{IEEE INFOCOM 2019-IEEE} Conference on Computer Communications},
  pages={712--720},
  year={2019},
  organization={{IEEE}}
}

@article{vacuum,
author = {Wang, Minmei and Zhou, Mingxun and Shi, Shouqian and Qian, Chen},
title = {Vacuum Filters: More Space-Efficient and Faster Replacement for Bloom and Cuckoo Filters},
year = {2019},
issue_date = {October 2019},
publisher = {{VLDB} Endowment},
volume = {13},
number = {2},
issn = {2150-8097},
url = {https://doi.org/10.14778/3364324.3364333},
doi = {10.14778/3364324.3364333},
journal = {Proc. {VLDB} Endow.},
month = oct,
pages = {197–210},
numpages = {14}
}

@inproceedings{rsqf,
author = {Pandey, Prashant and Bender, Michael A. and Johnson, Rob and Patro, Rob},
title = {A General-Purpose Counting Filter: Making Every Bit Count},
year = {2017},
isbn = {9781450341974},
publisher = {Association for Computing Machinery},
address = {New York, {NY, USA}},
url = {https://doi.org/10.1145/3035918.3035963},
doi = {10.1145/3035918.3035963},
ooktitle = {Proceedings of the 2017 {ACM} International Conference on Management of Data},
pages = {775–787},
numpages = {13},
keywords = {bloom filters and hashing, sketching and sampling, computational biology, network monitoring},
location = {Chicago, Illinois, {USA}},
series = {{SIGMOD} '17}
}

@InProceedings{block-bloom,
author="Putze, Felix
and Sanders, Peter
and Singler, Johannes",
editor="Demetrescu, Camil",
title="Cache-, Hash- and Space-Efficient Bloom Filters",
booktitle="Experimental Algorithms",
year="2007",
publisher="Springer Berlin Heidelberg",
address="Berlin, Heidelberg",
pages="108--121",
isbn="978-3-540-72845-0"
}

@article{stash,
author = {Kirsch, Adam and Mitzenmacher, Michael and Wieder, Udi},
title = {More Robust Hashing: Cuckoo Hashing with a Stash},
year = {2009},
issue_date = {September 2009},
publisher = {Society for Industrial and Applied Mathematics},
address = {USA},
volume = {39},
number = {4},
issn = {0097-5397},
journal = {SIAM J. Comput.},
month = dec,
pages = {1543–1561},
numpages = {19},
keywords = {cuckoo hashing, probabilistic analysis, hash table}
}