@article{multiply-shift,
  title={A reliable randomized algorithm for the closest-pair problem},
  author={Dietzfelbinger, Martin and Hagerup, Torben and Katajainen, Jyrki and Penttonen, Martti},
  journal={Journal of Algorithms},
  volume={25},
  number={1},
  pages={19--51},
  year={1997},
  publisher={Elsevier}
}

@article{block,
  title={Cache-, hash-, and space-efficient {Bloom} filters},
  author={Putze, Felix and Sanders, Peter and Singler, Johannes},
  journal={Journal of Experimental Algorithmics (JEA)},
  volume={14},
  pages={4--4},
  year={2010},
  publisher={ACM New York, NY, USA}
}

@inproceedings{cuckoo-filter,
  title={Cuckoo filter: Practically better than {Bloom}},
  author={Fan, Bin and Andersen, Dave G and Kaminsky, Michael and Mitzenmacher, Michael D},
  booktitle={Proceedings of the 10th ACM International on Conference on emerging Networking Experiments and Technologies},
  pages={75--88},
  year={2014}
}

@article{quotient-filter,
  title={Donâ€™t Thrash: How to Cache Your Hash on Flash},
  author={Bender, Michael A and Farach-Colton, Martin and Johnson, Rob and Kraner, Russell and Kuszmaul, Bradley C and Medjedovic, Dzejla and Montes, Pablo and Shetty, Pradeep and Spillane, Richard P and Zadok, Erez},
  journal={Proceedings of the VLDB Endowment},
  volume={5},
  number={11},
  year={2012}
}

@article{split-bloom,
  title={Network applications of {Bloom} filters: A survey},
  author={Broder, Andrei and Mitzenmacher, Michael},
  journal={Internet mathematics},
  volume={1},
  number={4},
  pages={485--509},
  year={2004},
  publisher={Taylor \& Francis}
}

@article{lemire-xor-filter,
author = {Graf, Thomas Mueller and Lemire, Daniel},
title = {Xor Filters: Faster and Smaller Than {Bloom} and Cuckoo Filters},
year = {2020},
issue_date = {2020},
publisher = {Association for Computing Machinery},
address = {New York, NY, USA},
volume = {25},
issn = {1084-6654},
url = {https://doi.org/10.1145/3376122},
doi = {10.1145/3376122},
journal = {ACM J. Exp. Algorithmics},
month = mar,
articleno = {1.5},
numpages = {16},
keywords = {approximate set membership, cuckoo filters, Bloom filters}
}

@article{ultra-fast,
  title={Ultra-fast {Bloom} filters using {SIMD} techniques},
  author={Lu, Jianyuan and Wan, Ying and Li, Yang and Zhang, Chuwen and Dai, Huichen and Wang, Yi and Zhang, Gong and Liu, Bin},
  journal={{IEEE} Transactions on Parallel and Distributed Systems},
  volume={30},
  number={4},
  pages={953--964},
  year={2018},
  publisher={{IEEE}}
}

@article{bloom-overtakes,
  title={Performance-optimal filtering: {Bloom} overtakes cuckoo at high throughput},
  author={Lang, Harald and Neumann, Thomas and Kemper, Alfons and Boncz, Peter},
  journal={Proceedings of the VLDB Endowment},
  volume={12},
  number={5},
  pages={502--515},
  year={2019},
  publisher={VLDB Endowment}
}

@article{ribbon-filter,
  title={Ribbon filter: practically smaller than {Bloom} and {Xor}},
  author={Dillinger, Peter C and Walzer, Stefan},
  journal={arXiv preprint arXiv:2103.02515},
  year={2021}
}